%
%  all.bib     June 3, 2002     Mark Senn
%
%  This is the BibTeX data file for a simple, example thesis.
%
%  I like to order the entries by author, and within author by year.
%  If, for example, I later added a second 1994 publication for Goossens,
%  I would give it the key, ``Goossens:1994b''.
%  
@inproceedings{alzaid2008secure,
  title={Secure data aggregation in wireless sensor network: a survey},
  author={Alzaid, Hani and Foo, Ernest and Nieto, Juan Gonzalez},
  booktitle={Proceedings of the sixth Australasian conference on Information security-Volume 81},
  pages={93--105},
  year={2008},
  organization={Australian Computer Society, Inc.}
}

@inproceedings{krishnamachari2002impact,
  title={The impact of data aggregation in wireless sensor networks},
  author={Krishnamachari, Bhaskar and Estrin, Deborah and Wicker, Stephen},
  booktitle={Distributed Computing Systems Workshops, 2002. Proceedings. 22nd International Conference on},
  pages={575--578},
  year={2002},
  organization={IEEE}
}

@inproceedings{wagner2004resilient,
  title={Resilient aggregation in sensor networks},
  author={Wagner, David},
  booktitle={Proceedings of the 2nd ACM workshop on Security of ad hoc and sensor networks},
  pages={78--87},
  year={2004},
  organization={ACM}
}

@inproceedings{chan2006secure,
  title={Secure hierarchical in-network aggregation in sensor networks},
  author={Chan, Haowen and Perrig, Adrian and Song, Dawn},
  booktitle={Proceedings of the 13th ACM conference on Computer and communications security},
  pages={278--287},
  year={2006},
  organization={ACM}
}

@Book{Lamport:1994,
author    = {Leslie Lamport},
title     = {{\LaTeX}: A Document Preparation System},
publisher = {Addison-Wesley},
address   = {Reading Massachusetts},
year      = 1994}
